@book{ctk:roots,
author="C. T. Kelley",
title="{Iterative Methods for Linear and Nonlinear Equations}",
publisher="SIAM",
address="Philadelphia",
year=1995,
series="Frontiers in Applied Mathematics",
number=16
}

@book{ctk:newton,
author="C. T. Kelley",
title="Solving Nonlinear Equations with {N}ewton's Method",
publisher="SIAM",
address="Philadelphia",
year=2003,
series="Fundamentals of Algorithms",
number=1
}

@misc{ctk:sirev19,
author="C. T. Kelley",
title="Newton's Method with Low-Precision Linear Solvers",
year=2019,
note="in preparation"
}

@book{chand,
author="S. Chandrasekhar",
title = "Radiative Transfer",
publisher="Dover",
address="New York",
year=1960
}
@book{golub,
author = "G. H. Golub and C. G. VanLoan",
title = "Matrix Computations",
year = 1996,
edition=3,
publisher = "Johns Hopkins University Press",
series="Johns Hopkins studies in the mathematical sciences",
address = "Baltimore"
}

@article{twm68,
author="T. W. Mullikin",
title = {Some probability distributions for neutron
transport in a half space},
journal = {J. Appl. Prob.},
pages = {357--374},
year = 1968,
volume=5
}

@book{busb,
author="I. W. Busbridge",
title="The Mathematics of Radiative Transfer",
number=50,
year=1960,
series="Cambridge Tracts",
publisher="Cambridge Univ. Press",
address="Cambridge"
}


@book{herb,
author="H. B. Keller",
title = "Lectures on Numerical Methods in Bifurcation Theory",
publisher="Springer-Verlag",
address="New York",
year=1987,
series="Tata Institute of Fundamental Research, Lectures on Mathematics
and Physics"
}

@article{ctk:n1,
author = "D. W. Decker and C. T. Kelley",
title = "Newton's method at singular points {I}",
journal = "SIAM J. Numer. Anal.",
year = 1980,
pages = "66--70",
volume = 17
}

